<record><leader>00000cas a22000007a 4500</leader><controlfield tag="001">23603768</controlfield><controlfield tag="008">910425d19481971mauwr ne      0    0eng d</controlfield><datafield ind1=" " ind2=" " tag="010"><subfield code="a">sn 91058040 </subfield></datafield><datafield ind1=" " ind2=" " tag="040"><subfield code="a">MGN</subfield><subfield code="b">eng</subfield><subfield code="c">MGN</subfield><subfield code="d">OCLCQ</subfield></datafield><datafield ind1=" " ind2=" " tag="042"><subfield code="a">msc</subfield></datafield><datafield ind1="0" ind2="0" tag="245"><subfield code="a">Roslindale parkway transcript.</subfield></datafield><datafield ind1=" " ind2=" " tag="260"><subfield code="a">Roslindale [Boston], Mass. :</subfield><subfield code="b">Transcript Press</subfield></datafield><datafield ind1=" " ind2=" " tag="300"><subfield code="a">v.</subfield></datafield><datafield ind1=" " ind2=" " tag="310"><subfield code="a">Weekly</subfield></datafield><datafield ind1="0" ind2=" " tag="362"><subfield code="a">Vol. 18, no. 4 (Mar. 18, 1948)-v. 42, no. 9 (Mar. 3, 1971).</subfield></datafield><datafield ind1=" " ind2=" " tag="752"><subfield code="a">United States</subfield><subfield code="b">Massachusetts</subfield><subfield code="c">Suffolk</subfield><subfield code="d">Boston.</subfield></datafield><datafield ind1=" " ind2=" " tag="752"><subfield code="a">United States</subfield><subfield code="b">Massachusetts</subfield><subfield code="c">Suffolk</subfield><subfield code="d">Roslindale.</subfield></datafield><datafield ind1="0" ind2="0" tag="780"><subfield code="t">Parkway transcript (Boston, Mass. : 1930)</subfield><subfield code="w">(DLC)sn 86071061</subfield></datafield><datafield ind1="0" ind2="0" tag="785"><subfield code="t">Parkway transcript (Boston, Mass. : 1971)</subfield><subfield code="w">(DLC)sn 91058041</subfield></datafield></record>